<?xml version="1.0" encoding="UTF-8"?><collection xmlns="http://www.loc.gov/MARC21/slim"><record><leader>00421nam--2200133-i-4500</leader><controlfield tag="001">000020078</controlfield><controlfield tag="002">20161230</controlfield><controlfield tag="005">20161230201033</controlfield><controlfield tag="008">060222s1000------------r-----000-0-eng-d</controlfield><datafield ind1=" " ind2=" " tag="080"><subfield code="a">620.92:523.72:621.472</subfield></datafield><datafield ind1=" " ind2=" " tag="100"><subfield code="a">Fara, Vladimir, Grigorescu, Radu</subfield></datafield><datafield ind1=" " ind2=" " tag="245"><subfield code="a">Conversia energiei solare in energie termica. principii si aplicatii</subfield></datafield><datafield ind1=" " ind2=" " tag="260"><subfield code="a">Bucuresti, Editura Stiintifica Si Enciclopedica, 1982.  360 P</subfield></datafield><datafield ind1=" " ind2=" " tag="852"><subfield code="a">70289</subfield></datafield></record></collection>